%%------------------------------------------------------------------------------
%%
%% Books
%%
%%------------------------------------------------------------------------------

@book{gelman_bayesian_2003,
  title = {Bayesian Data Analysis, Second Edition},
  author = {Gelman, A. and Carlin, J.B. and Stern, H.S. and Rubin, D.B.},
  series = {Chapman \& Hall/CRC Texts in Statistical Science},
  year = {2003},
  publisher = {Taylor \& Francis}
}

@book{robert_monte_2004,
  title = {Monte Carlo Statistical Methods},
  author = {Robert, C. and Casella, G.},
  series = {Springer Texts in Statistics},
  year = {2004},
  publisher = {Springer}
}

@book{diggle_analysis_2009,
  title = {Analysis of Longitudinal Data},
  author = {Diggle, P. and Heagerty, P. and Liang, K.Y. and Zeger, S.},
  series = {Oxford Statistical Science Series},
  year = {2009},
  publisher = {Oxford}
}

@book{fitzmaurice_applied_2011,
  title = {Applied Longitudinal Analysis},
  author = {Fitzmaurice, G. M. and Laird, N. M. and Ware, J. H.},
  series = {Wiley Series in Probability and Statistics},
  year = {2011},
  publisher = {Wiley}
}

@book{davidian_nonlinear_1995,
  title = {Nonlinear Models for Repeated Measurement Data},
  author = {Davidian, M. and Giltinan, D.M.},
  series = {Chapman \& Hall/CRC Monographs on Statistics \& Applied Probability},
  year = {1995},
  publisher = {Taylor \& Francis}
}

@book{harrell_regression_2001,
  author = {Harrell, Frank E.},
  title = {Regression Modeling Strategies: With Applications to Linear Models, Logistic Regression, and Survival Analysis},
  publisher = {Springer},
  series = {Graduate Texts in Mathematics},
  year = {2001},
  address = {New York, NY},
}

@book{demidenko_mixed_2013,
  author = {Demidenko, E.},
  title = {Mixed Models: Theory and Applications with R},
  publisher = {Wiley},
  series = {Wiley Series in Probability and Statistics},
  year = {2013},
  address = {Hoboken, NJ},
}

@book{jiang_linear_2007,
  author = {Jiang, Jiming},
  title = {Linear and Generalized Linear Mixed Models and Their Applications},
  publisher = {Springer},
  series = {Springer Series in Statistics},
  year = {2007},
  address = {New York, NY},
}

@book{brown_measurement_1993,
  author = {Brown, Philip},
  title = {Measurement, Regression, and Calibration},
  publisher = {Clarendon Press Oxford University Press},
  year = {1993},
  address = {Oxford England New York},
}

@Book{graybill_regression_1994,
  author = {Graybill, Franklin A. and Iyer, Hariharan K.},
  title = {Regression Analysis : Concepts and Applications},
  publisher = {Duxbury Press},
  year = {1994},
  address = {Belmont, Calif},
}

@book{davison_bootstrap_1997,
  author = {Davison, A. C. and Hinkley, D. V.},
  title = {Bootstrap Methods and their Application},
  publisher = {Cambridge University Press},
  year = {1997}, 
  address = {Cambridge New York, NY, USA},
}

@book{seber_nonlinear_2003,
  author = {Seber, G. A. F. and Wilde, C. J.},
  title = {Nonlinear Regression},
  publisher = {John Wiley \& Sons},
  year = {2003},
  address = {Hoboken, NJ},
}

@book{ruppert_semiparametric_2003,
  author = {David Ruppert and Wand, M. P.},
  title = {Semiparametric Regression},
  publisher = {Cambridge University Press},
  year = {2003},
  address = {New York, NY},
}

@book{hastie_gams_1990,
  author = {Hastie, T.J. and Tibshirani, R.J.},
  title = {Generalized Additive Models},
  publisher = {Chapman \& Hall},
  year = {1990},
  address = {London},
}

@book{fox_r_2011,
  author = {John Fox and Sanford Weisberg},
  title = {An {R} Companion to Applied Regression},
  publisher = {Sage},
  edition = {Second},
  year = {2011},
  address = {Thousand Oaks {CA}},
  url = {http://socserv.socsci.mcmaster.ca/jfox/Books/Companion},
}

@book{pinheiro_mixed_2009,
  author = {Pinheiro, J. C. and Bates, D.},
  title = {Mixed-Effects Models in S and S-PLUS},
  publisher = {Springer},
  series = {Statistics and Computing},
  year = {2009},
  address = {New York, NY},
}

@book{mcculloch_generalized_2008,
  author = {McCulloch, C. E. and Searle, S. R. and Neuhaus, J. M.},
  title = {Generalized, Linear, and Mixed Models},
  series = {Wiley Series in Probability and Statistics},
  publisher = {Wiley},
  year = {2008},
  address = {Hoboken, NJ},
}

@book{wood_generalized_2006,
  title = {Generalized Additive Models: An Introduction with R},
  author = {Wood, S.N.},
  publisher = {Chapman \& Hall/CRC},
  series = {Chapman and Hall/CRC Texts in Statistical Science Series},
  year = {2006},
}

@book{christensen_plane_2011,
  title = {Plane Answers to Complex Questions: The Theory of Linear Models},
  author = {Christensen, Ronald},
  publisher = {Springer},
  series = {Springer texts in statistics},
  year = {2011},
  address = {New York, NY},
}

%%------------------------------------------------------------------------------
%%
%% Conference proceedings
%%
%%------------------------------------------------------------------------------
@inproceedings{henderson_sire_1973,
  title = {Sire Evaluation and Genetic Trends},
  author = {Henderson, C. R.},
  booktitle = {Proceedings of the Animal Breeding and Genetics Symposium in Honor of Dr. Jay L. Lush},
  pages = {10--41},
  year = {1973}
}

%%------------------------------------------------------------------------------
%%
%% Articles
%%
%%------------------------------------------------------------------------------
@article{efron_bootstrap_2011,
  author = {Efron, Bradley},
  title = {The Bootstrap and Markov-Chain Monte Carlo},
  journal = {Journal of Biopharmaceutical Statistics},
  volume = {21},
  number = {6},
  pages = {1052-1062},
  year = {2011},
}

@article{laird_random_1982,
  author = {Nan M. Laird and James H. Ware},
  title =  {Random-Effects Models for Longitudinal Data},
  journal =  {Biometrics},
  volume = {38},
  number = {4},
  year = {1982},
  pages = {963--974},
}

@article{gould_confidence_1993,
  author = {Gould, W.},
  title =  {Confidence Intervals in Logistic and Probit Models},
  journal =	{Stata Technical Bulletin},
  volume = {14},
  year = {1993},
  pages = {26--28},
}

@article{crainiceanu_bayesian_2005,
  author = {Ciprian M. Crainiceanu and David Ruppert and Matthew P. Wand},
  title =  {Bayesian Analysis for Penalized Spline Regression Using WinBUGS},
  journal =	{Journal of Statistical Software},
  volume = {14},
  number = {14},
  year = {2005},
  pages = {1--24},
}

@article{jiang_distribution_2002,
  author = {Jiang, J. and Zhang, W.},
  title = {Distribution-Free Prediction Intervals in Mixed Linear Models},
  journal = {Statistica Sinica},
  volume = {12},
  year = {2002},
	pages = {537553},
}

@article{oman_calibration_1998,
  author = {Oman, Samuel D.},
  title = {Calibration with Random Slopes},
  journal = {Biometrika},
  volume = {85},
  number = {2},
	year = {1998},
	pages = {439--449},
}

@article{zeng_bootstrap_1997,
  author = {Zeng, Qi and Davidian, Marie},
  title = {Bootstrap-Adjusted Calibration Confidence Intervals for Immunoassay},
  journal = {Journal of the American Statistical Association},
  volume = {92},
	number = {437},
	year = {1997},
	pages = {278--290},
}

@article{eisenhart_interpretation_1939,
  author = {Eisenhart, C.},
  title = {The Interpretation of Certain Regression Methods and their use in Biological and Industrial Research},
  journal = {Annals of Mathematical Statistics},
  volume = {10},
  pages = {162--186},
  year = {1939},
}

@article{scheffe_statistical_1973,
  author = {Scheff\'{e}, H.},
  title = {A Statistical Theory of Calibration},
  journal = {The Annals of Statistics},
  volume = {1},
  pages = {1--37},
  year = {1973},
}

@article{jones_approximate_2009,
  author = {Jones, Geoffrey and Lyons, Paul},
  title = {Approximate Graphical Methods for Inverse Regression},
  journal = {Journal of Data Science},
  volume = {7},
  pages = {61--72},
  year = {2009},
}

@article{pitman_closest_1937,
  author = {Pitman Hobart, E. J. G.},
  title = {The "closest" estimates of statistical parameters},
  journal = {Communications in Statistics - Theory and Methods},
  volume = {20},
  number = {11},
  pages = {3423--3437},
  year = {1937},
}

@book{graybill_theory_1976,
  author = {Franklin A. Graybill},
  title = {Theory and Application of the Linear Model},
  year = {1976},
  series = {Duxbury Classic Series},
  publisher = {Duxbury},
  address = {Pacific Grove, California},
}

@Book{kendall_advanced_1994,
  author = {Stuart, Alan and Ord, Keith and Arnold, Steven},
  title = {Kendall's Advanced Theory of Statistics: Classical Inference and the Linear Model},
  publisher = {John Wiley \& Sons},
  year = {1994},
  address = {Chichester, West Sussex},
}

@article{hernandez_non-bayesian_2012,
  title = {A non-Bayesian predictive approach for statistical calibration},
	volume = {82},
	number = {4},
	journal = {Journal of Statistical Computation and Simulation},
	author = {Hernandez, Noslen and Biscay, Rolando J. and Talavera, Isneri},
	month = apr,
	year = {2012},
	pages = {529--545},
}

@article{jones_bootstrapping_1999,
	title = {Bootstrapping in Controlled Calibration Experiments},
	volume = {41},
	number = {3},
	journal = {Technometrics},
	author = {Jones, Geoffrey and Rocke, David M.},
	month = aug,
	year = {1999},
	pages = {224--233},
}

@article{hill_discussion_1981,
  title = {Discussion},
	volume = {23},
	number = {4},
	journal = {Technometrics},
	author = {Hill, Bruce M.},
	month = nov,
	year = {1981},
	pages = {335--338},
},

@article{minder_likelihood_1975,
	title = {A Likelihood Analysis of the Linear Calibration Problem},
	volume = {17},
	issn = {0040-1706, 1537-2723},
	number = {4},
	journal = {Technometrics},
	author = {Minder, Ch. E. and Whitney, J. B.},
	month = nov,
	year = {1975},
	pages = {463--471},
},

@article{dejong_bayesian_1996,
	title = {A Bayesian Approach to Calibration},
	volume = {14},
	issn = {0735-0015, 1537-2707},
	number = {1},
	journal = {Journal of Business \& Economic Statistics},
	author = {{DeJong}, David N. and Ingram, Beth Fisher and Whiteman, Charles H.},
	month = jan,
	year = {1996},
	pages = {1--9},
},

@article{shukla_problem_1972,
	title = {On the Problem of Calibration},
	volume = {14},
	issn = {0040-1706, 1537-2723},
	number = {3},
	journal = {Technometrics},
	author = {Shukla, G. K.},
	month = aug,
	year = {1972},
	pages = {547--553},
},

@article{williams_note_1969,
	title = {A Note on Regression Methods in Calibration},
	volume = {11},
	issn = {0040-1706, 1537-2723},
	number = {1},
	journal = {Technometrics},
	author = {Williams, E. J.},
	month = feb,
	year = {1969},
	pages = {189--192},
},

@article{halperin_inverse_1970,
	title = {On Inverse Estimation in Linear Regression},
	volume = {12},
	issn = {0040-1706, 1537-2723},
	number = {4},
	journal = {Technometrics},
	author = {Halperin, Max},
	month = nov,
	year = {1970},
	pages = {727--736},
},

@article{kannan_comparison_2007,
	title = {A Comparison of Classical and Inverse Estimators in the Calibration Problem},
	volume = {36},
	number = {1},
	journal = {Communications in Statistics - Theory and Methods},
	author = {Kannan, Nandini and Keating, Jerome P. and Mason, Robert L.},
	year = {2007},
	pages = {83--95},
},

@article{knafl_confidence_1985,
	title = {Confidence Bands for Regression Functions},
	volume = {80},
	number = {391},
	journal = {Journal of the American Statistical Association},
	author = {Knafl, George and Sacks, Jerome and Ylvisaker, Donald},
	month = sep,
	year = {1985},
	pages = {683--691},
},

@article{racine-poon_bayesian_1988,
	title = {A Bayesian Approach to Nonlinear Calibration Problems},
	volume = {83},
	number = {403},
	journal = {Journal of the American Statistical Association},
	author = {Racine-Poon, Amy},
	month = sep,
	year = {1988},
	pages = {650--656},
},

@article{cheng_robust_1997,
	title = {Robust Calibration},
	volume = {39},
	number = {4},
	journal = {Technometrics},
	author = {Cheng, Chi-Lun and Van Ness, John W.},
	month = nov,
	year = {1997},
	pages = {401--411},
},

@article{krutchkoff_editor_1972,
	title = {The Editor Technometrics},
	volume = {14},
	issn = {0040-1706, 1537-2723},
	number = {1},
	journal = {Technometrics},
	author = {Krutchkoff, Richard G.},
	month = feb,
	year = {1972},
	pages = {241--242},
},

@article{lwin_analysis_1982,
	title = {An Analysis of the Linear-Calibration Controversy From the Perspective of Compound Estimation},
	volume = {24},
	issn = {0040-1706, 1537-2723},
	number = {3},
	journal = {Technometrics},
	author = {Lwin, T. and Maritz, J. S.},
	month = aug,
	year = {1982},
	pages = {235--242},
},

@article{krutchkoff_editor_1970,
	title = {The Editor Technometrics},
	volume = {12},
	issn = {0040-1706, 1537-2723},
	number = {2},
	journal = {Technometrics},
	author = {Krutchkoff, Richard G.},
	month = may,
	year = {1970},
	pages = {433--437},
},

@article{trout_regular_1979,
	title = {Regular and Inverse interval Estimation of Individual Observations Using Uniform Confidence Bands},
	volume = {21},
	issn = {0040-1706, 1537-2723},
	number = {4},
	journal = {Technometrics},
	author = {Trout, J. Richard and Swallow, William H.},
	month = nov,
	year = {1979},
	pages = {567--574},
},

@article{fisch_simplified_1993,
	title = {A Simplified Approach to Calibration Confidence Sets},
	volume = {47},
	issn = {0003-1305, 1537-2731},
	number = {3},
	journal = {The American Statistician},
	author = {Fisch, Roland D. and Strehlau, Günther A.},
	month = aug,
	year = {1993},
	pages = {168--171},
},

@article{mammen_general_2001,
  title = {A General Framework for Constrained Smoothing},
	volume = {16},
	number = {3},
	journal = {Statistical Science},
	author = {Mammen, E. and Marron, J. S. and Turlach, B. A. and Wand, M. P.},
	year = {2001},
	pages = {232--248},
},

@article{woldie_calibration_1995,
	title = {Calibration for inverse gaussian regression},
	volume = {24},
	number = {10},
	journal = {Communications in Statistics - Theory and Methods},
	author = {Woldie, Mammo and Folks, Leroy J.},
	year = {1995},
	pages = {2609--2620},
},

@article{ali_calibration_2002,
	title = {The Calibration Problem Revisited},
	volume = {31},
	number = {10},
	journal = {Communications in Statistics - Theory and Methods},
	author = {Ali, M. A. and Ashkar, {M.Y.}},
	year = {2002},
	pages = {1733--1741},
},

@article{krutchkoff_editor_1968,
	title = {The Editor Technometrics},
	volume = {10},
	issn = {0040-1706, 1537-2723},
	number = {2},
	journal = {Technometrics},
	author = {Krutchkoff, Richard G.},
	month = may,
	year = {1968},
	pages = {430--431},
},

@article{brown_optimization_1979,
	title = {An Optimization Criterion for Linear Inverse Estimation},
	volume = {21},
	issn = {0040-1706, 1537-2723},
	number = {4},
	journal = {Technometrics},
	author = {Brown, G. H.},
	month = nov,
	year = {1979},
	pages = {575--579},
},

@article{makowski_confidence_1980,
	title = {Confidence Interval Calibration of a Standard Curve},
	volume = {22},
	issn = {0040-1706, 1537-2723},
	number = {3},
	journal = {Technometrics},
	author = {Makowski, Gary G. and Downing, Darryl},
	month = aug,
	year = {1980},
	pages = {381--388},
},

@article{buonaccorsi_design_1986,
	title = {Design Considerations for Calibration},
	volume = {28},
	issn = {0040-1706, 1537-2723},
	number = {2},
	journal = {Technometrics},
	author = {Buonaccorsi, J. P.},
	month = may,
	year = {1986},
	pages = {149--155},
},

@article{krutchkoff_calibration_1972,
	title = {The calibration problem and closeness},
	volume = {1},
	issn = {0094-9655, 1563-5163},
	number = {1},
	journal = {Journal of Statistical Computation and Simulation},
	author = {Krutchkoff, Richard G.},
	month = jan,
	year = {1972},
	pages = {87--95},
},

@article{berkson_estimation_1969,
	title = {Estimation of a Linear Function for a Calibration Line; Consideration of a Recent Proposal},
	volume = {11},
	issn = {0040-1706, 1537-2723},
	number = {4},
	journal = {Technometrics},
	author = {Berkson, Joseph},
	month = nov,
	year = {1969},
	pages = {649--660},
},

@article{knafl_nonparametric_1984,
	title = {Nonparametric Calibration},
	volume = {26},
	number = {3},
	journal = {Technometrics},
	author = {Knafl, George and Sacks, Jerome and Spiegelman, Clifford and Ylvisaker, Donald},
	month = aug,
	year = {1984},
	pages = {233--241},
},

@article{misquitta_results_2005,
	title = {Some Results on Nonparametric Calibration},
	volume = {34},
	number = {7},
	journal = {Communications in Statistics - Theory and Methods},
	author = {Misquitta, P. and Ruymgaart, Frits H.},
	year = {2005},
	pages = {1605--1616},
},

@article{naszodi_elimination_1978,
	title = {Elimination of the Bias in the Course of Calibration},
	volume = {20},
	issn = {0040-1706, 1537-2723},
	number = {2},
	journal = {Technometrics},
	author = {Naszódi, László J.},
	month = may,
	year = {1978},
	pages = {201--205},
},

@article{martinelle_choice_1970,
	title = {On the Choice of Regression in Linear Calibration. Comments on a paper by R. G. Krutchkoff},
	volume = {12},
	issn = {0040-1706, 1537-2723},
	number = {1},
	journal = {Technometrics},
	author = {Martinelle, Sten},
	month = feb,
	year = {1970},
	pages = {157--161},
},

@article{lechner_implementation_1982,
	title = {An Implementation of the Scheff\'{e} Approach to Calibration Using Spline Functions, Illustrated by a Pressure-Volume Calibration},
	volume = {24},
	number = {3},
	journal = {Technometrics},
	author = {Lechner, James A. and Reeve, Charles P. and Spiegelman, Clifford H.},
	month = aug,
	year = {1982},
	pages = {229--234},
},

@article{krutchkoff_classical_1967,
	title = {Classical and Inverse Regression Methods of Calibration},
	volume = {9},
	number = {3},
	journal = {Technometrics},
	author = {Krutchkoff, R. G.},
	month = aug,
	year = {1967},
	pages = {425--439},
},

@article{bonate_approximate_1993,
	title = {Approximate Confidence Intervals in Calibration Using the Bootstrap},
	volume = {65},
	journal = {Analytical Chemistry},
	author = {Bonate, P. L.},
	year = {1993},
	pages = {1367--1372},
},

@article{zeng_bootstrap-adjusted_1997,
	title = {Bootstrap-Adjusted Calibration Confidence Intervals for Immunoassay},
	volume = {92},
	number = {437},
	journal = {Journal of the American Statistical Association},
	author = {Zeng, Qi and Davidian, Marie},
	month = mar,
	year = {1997},
	pages = {278--290},
},

@article{krutchkoff_classical_1969,
	title = {Classical and Inverse Regression Methods of Calibration in Extrapolation},
	volume = {11},
	number = {3},
	journal = {Technometrics},
	author = {Krutchkoff, Richard G.},
	month = aug,
	year = {1969},
	pages = {605--608},
}

@article{rosen_constructing_1995,
	title = {Constructing a Bootstrap Confidence Interval for the Unknown Concentration in Radioimmunoassay},
	volume = {14},
	number = {9},
	journal = {Statistics in Medicine},
	author = {Rosen, O. and Cohen, A.},
	year = {1995},
	pages = {935--952},
}

@article{gruet_nonparametric_1996,
	title = {A Nonparametric Calibration Analysis},
	volume = {24},
	number = {4},
	journal = {The Annals of Statistics},
	author = {Gruet, M-A.},
	year = {1996},
	pages = {1474--1492},
}

@article{gruet_calibration_1993,
	title = {Calibration with a Nonlinear Calibration Curve: How to Do It?},
	volume = {9},
	journal = {Computational Statistics},
	author = {Gruet, M-A. and Jolivet, E.},
	year = {1993},
	pages = {249--276},
}


@article{clark_calibration_1979,
	title = {Calibration, Cross-validation and Carbon-14 I},
	volume = {142},
	number = {1},
	journal = {Journal of the Royal Statistical Society - Series A},
	author = {Clark, R. M.},
	year = {1979},
	pages = {47--62},
}

@article{clark_calibration_1980,
	title = {Calibration, Cross-validation and Carbon-14 II},
	volume = {143},
	number = {2},
	journal = {Journal of the Royal Statistical Society - Series A},
	author = {Clark, R. M.},
	year = {1980},
	pages = {177--194},
}

@article{kitsos_robust_1995,
	title = {Robust Linear Calibration},
	volume = {27},
	journal = {Statistics},
	author = {Kitsos, C. P. and M\"{u}ller, C. H.},
	year = {1995},
	pages = {93--107},
}

@article{srivastava-small-1989,
  title = {Small-Disturbance Asymptotic Theory for Linear Calibration Estimators},
	volume = {31},
  number = {3},
	journal = {Technometrics},
	author = {Srivastava, V. K. and Singh, N.},
	year = {1989},
	pages = {373--378},
}

@article{ali-alternative-1981,
  title = {An Alternative Estimator in Inverse Regression},
  volume = {14},
	journal = {J. Statist. Comput. Simul.},
	author = {Ali, M. A. and Singh, N.},
	year = {1981},
	pages = {1--15},
}

@article{dahiya-modified-1991,
  title = {Modified Classical and Inverse Regression Estimators in Calibration},
  volume = {53},
  number = {1},
  journal = {Sankhy\={a}: The Indian Journal of Statistics - Series B},
	author = {Dahiya, Ram C.  and McKeon, James J.},
	year = {1991},
	pages = {48--55},
}

@article{efron-jackknife-1992,
  title = {Jackknife-After-Bootstrap Standard Errors and Influence Functions},
  volume = {54},
  number = {1},
  journal = {Journal of the Royal Statistical Society - Series B (Methodological)},
  author = {Efron, Bradley},
	year = {1992},
	pages = {83--127},
}

@article{ritz-bioassay-2005,
  title = {Bioassay Analysis using R},
  author = {C. Ritz and J. C. Streibig},
  journal = {Journal of Statistical Software},
  volume = {12},
  issue = {5},
  year = {2005},
  url = {http://www.bioassay.dk},
}

@book{venables-modern-2002,
  title = {Modern Applied Statistics with S},
  author = {Venables, W. N. and Ripley, B. D.},
  publisher = {Springer},
  edition = {Fourth},
  address = {New York},
  year = {2002},
  note = {ISBN 0-387-95457-0},
  url = {http://www.stats.ox.ac.uk/pub/MASS4},
}

@article{salibian-bootstrapping-2006,
  title = {Bootstrapping MM-estimators for linear regression with fixed designs},
  journal = {Statistics \& Probability Letters},
  volume = {76},
  number = {12},
  pages = {1287--1297},
  year = {2006},
  author = {Matias Salibian-Barrera},
}

@phdthesis{osborne_nonparametric_1990,
  author = {Osborne, C.},
	title = {Non-parametric Calibration},
	school = {University of Bath},
	year = {1990},
}

@article{henderson_estimation_1950,
  author = {Henderson, C. R.},
  title = {Estimation of Genetic Parameters (abstract)},
  journal = {Annals of Mathematical Statistics},
  volume = {21},
  pages = {309--310},
  year = {1950},
}

@article{robinson_that_1991,
  author = {Robinson, G. K.},
  title = {That BLUP is a Good Thing: The Estimation of Random Effects},
  journal = {Statistical Science},
  volume = {6},
  number = {1},
  pages = {15--51},
  year = {1991},
}

@article{hoadley_bayesian_1970,
  author = {Hoadley, Bruce},
  title = {A Bayesian Look at Inverse Linear Regression},
  journal = {Journal of the American Statistical Association},
	volume = {65},
	number = {329},
	year = {1970},
	pages = {356--369},
}

@article{gelman_prior_2006,
  author = {Gelman, Andrew},
  title = {Prior Distributions for Variance Parameters in Hierarchical Models},
  journal = {Bayesian Analysis},
  volume = {1},
	number = {3},
	year = {2006},
	pages = {515--534},
}

@article{krivobokova_note_2007,
  author = {Krivobokova, Tatyana and Kauermann, G\ddot{o}ran},
  title = {A Note on Penalized Spline Smoothing With Correlated Errors},
  journal = {Journal of the American Statistical Association},
  volume = {102},
  number = {480},
  pages = {1328--1337},
  year = {2007},
}

@article{brumback_comment_1999,
  author = {Brumback, B. A. and Ruppert, D. and Wand, M. P.},
  title = {Comment on Shively, Kohn, and Wood},
  journal = {Journal of the American Statistical Association},
  volume = {94},
  pages = {794--797},
  year = {1999},
}

@article{schoeneman_analytical_1971,
  author = {Schoeneman, R. and Dyer, R. and Earl, E.},
  title = {Analytical Profile of Straight Bourbon Whiskies},
  journal = {Journal of the Association of Official Analytical Chemists},
  volume = {54},
  pages = {1247--1261},
  year = {1971},
}

@article{stone_polynomial_1997,
  author = {Stone, C. J. and Hansen, M. H. and Kooperberg, C. and Truong, Y. K.},
  title  = {Polynomial Splines and their Tensor Products in Extended Linear Modeling},
  journal = {Annals of Statistics},
  volume = {25},
	number = {4},
	year = {1997},
	pages = {1371-1425},
}

@article{hinkley_ratio_1969,
  author = {Hinkley, D. V.},
  title = {On the Ratio of Two Correlated Normal Random Variables},
  journal = {Biometrika},
  volume = {56},
  number = {3},
  pages = {635--639},
  year = {1969},
}

@article{fieller_distribution_1932,
  author = {Fieller, E. C.},
  title = {The Distribution of the Index in a Normal Bivariate Population},
  journal = {Biometrika},
  volume = {24},
  number = {3},
  pages = {428--440},
  year = {1932},
}

@article{carroll_effect_1986,
  author = {Carroll, R. J. and Spiegelman, C. H.},
  title = {The Effect of Ignoring Small Measurement Errors in Precision Instrument Calibration},
  journal = {J. Quality. Tech.},
  volume = {18},
  number = {3},
  pages = {170--173},
  year = {1986},
}

@article{friedman_mars_1991,
  author = {Friedman, J. H.},
  title = {Multivariate Adaptive Regression Splines (with discussion)},
  journal = {Annals of Statistics},
  volume = {19},
  number = {1},
  year = {1991},
  pages = {1--141}
}

@article{ruppert_selecting_2002,
  author = {Ruppert, David},
  title = {Selecting the Number of Knots for Penalized Splines},
  journal = {Journal of Computational and Graphical Statistics},
  volume = {11},
  number = {4},
  pages = {735--757},
  year = {2002},
}

@article {ori_constructing_1995,
  author = {Rosen, Ori and Cohen, Ayala},
  title = {Constructing a Bootstrap Confidence Interval for the Unknown Concentration in Radioimmunoassay},
  journal = {Statistics in Medicine},
  volume = {14},
  number = {9},
  pages = {935--952},
  year = {1995},
}

@article{brown_multivariate_1982,
  author = {Brown, P. J.},
  title = {Multivariate Calibration},
  journal = {Journal of the Royal Statistical Society - Series B},
  volume = {44},
  number = {3},
  pages = {287--321},
  year = {1982},
}

@article{brown_confidence_1987,
  author = {Brown, P. J. and Sundberg, R.},
  title = {Confidence and Conflict in Multivariate Calibration},
  journal = {Journal of the Royal Statistical Society - Series B},
  volume = {49},
  number = {1},
  pages = {46--57},
  year = {1987},
}

@Book{lunn_bugs_2013,
  author = {Lunn, D. and Jackson, C. and Best, N. and Thomas, A. and Spiegelhalter, D.},
  title = {The BUGS Book: A Practical Introduction to Bayesian Analysis},
  publisher = {CRC Press, Taylor \& Francis Group},
  year = {2013},
  address = {Boca Raton, FL},
  isbn = {1584888490}
}

@Book{anderson-modern-2008,
  author = {Anderson, Robert},
  title = {Modern Methods for Robust Regression},
  publisher = {Sage Publications},
  year = {2008},
  address = {London, UK},
  isbn = {9781412940726}
}

@Book{mood_introduction_1974,
  author = {Mood, A. M. and Graybill, F. A. and Boes, D. C.},
  title = {Introduction to the Theory of Statistics},
  publisher = {McGraw-Hill},
  year = {1974},
  address = {Auckland, U.A},
  isbn = {0070854653},
}

@Book{draper_applied_1981,
  author = {Draper, N. R. and Smith, H.},
  title = {Applied Regression Analysis},
  publisher = {Wiley},
  year = {1998},
  address = {New York},
  isbn = {0471170828},
}

@Book{hall_bootstrap_1992,
  author = {Hall, Peter},
  title = {The Bootstrap and Edgeworth Expansion},
  publisher = {Springer-Verlag},
  year = {1992},
  address = {New York},
  isbn = {0387977201}
}


@Book{casella_statistical_2002,
  author = {Casella, G. and Berger, R. L.},
  title = {Statistical Inference},
  edition = {Second},
  publisher = {Thomson Learning},
  year = {2002},
  address = {Australia Pacific Grove, CA},
  isbn = {0534243126},
}

@Manual{rprogram,
  title = {R: A Language and Environment for Statistical Computing},
  author = {{R Development Core Team}},
  organization = {R Foundation for Statistical Computing},
  address = {Vienna, Austria},
  year = {2011},
  note = {{ISBN} 3-900051-07-0},
  url = {http://www.R-project.org/},
}

@article{schechtman_nonlinear_2002,
  author = {Schechtman, Edna and Spiegelman, Cliff},
  title = {A Nonlinear Approach to Linear Calibration Intervals},
  journal = {Journal of Quality Technology},
  volume = {34},
  number = {1},
  pages = {71--79},
  year = {2002},
}

@article{mee_comparison_1996,
  author = {Mee, R. W. and Eberhardt, K. R.},
  title = {A Comparison of Uncertainty Criteria for Calibration},
	journal = {Technometrics},
	volume = {38},
	number = {3},
	page = {221--229},
	year = {1996},
}

@article{carroll_quick_1988,
  author = {Carroll, R. J. and Spiegelman, C. H. and Sacks, J.},
	title = {A Quick and Easy Multiple-Use Calibration Curve Procedure},
	journal = {Technometrics},
	volume = {30},
	number = {2},
	page = {137--141},
	year = {1988},
}

@article{forkman_method_2008,
  author = {Forman, Johannes},
	title = {A Method for Designing Nonlinear Univariate Calibration},
	journal = {Technometrics},
	volume = {50},
	number = {4},
	page = {479--486},
	year = {2008},
}

@article{salibian-barrera_bootstrapping_2002,
  author = {Salibian-Barrera, M. and Zamar, R.},
	title = {Bootstrapping Robust Estimates of Regression},
	journal = {The Annals of Statistics},
	volume = {30},
	number = {2},
	page = {556--582},
	year = {2002},
}

@article{ott_optimal_1968,
  author = {R. L. Ott and R. H. Myers},
	title = {Optimal Experimental Designs for Estimating the Independent Variable in Regression},
	journal = {Technometrics},
	volume = {10},
	number = {4},
	page = {811--823},
	year = {1968},
}

@article{miller_jackknife_1974,
  author = {Miller, R. G.},
	title = {The Jackknife--A Review},
	journal = {Biometrika},
	volume = {61},
	number = {1},
	page = {1--15},
	year = {1974},
}

@article{miller_unbalanced_1974,
  author = {Miller, R. G.},
	title = {TAn Unbalanced Jackknife},
	journal = {The Annals of Statistics},
	volume = {2},
	number = {5},
	page = {880--891},
	year = {1974},
}

@article{quenouille_notes_1956,
  author = {Quenouille, M. H.},
	title = {Notes on Bias in Estimation},
	journal = {Biometrika},
	volume = {43},
	page = {353--360},
	year = {1956},
}

@article{schwenke_callibration_1991,
  author = {Schwenke, J. R. and Millikem, G. A.},
  title = {On the Calibration Problem Extended to Nonlinear Models},
  journal = {Biometrics},
  volume = {47},
  pages = {563--574},
  year = {1991},
}

@article{fieller_some_1954,
  author = {Fieller, E. C.},
  title = {Some Problems in Interval Estimation},
  journal = {Journal of the Royal Statistical Society: Series B (Statistical Methodology)},
  volume = {16},
  pages = {175--185},
  year = {1954},
}

@article{verhoef_who_2012,
  author = {VerHoef, J. M.},
  title = {Who Invented the Delta Method?},
  journal = {The American Statistician},
  volume = {66},
  number = {2},
  pages = {124--127},
  year = {2012},
}

@article{dorfman_note_1938,
  author = {Dorfman, R.},
  title = {A Note on the {$delta$}-Method for Finding Variance Formulae},
  journal = {The Biometric Bulletin},
  volume = {1},
  pages = {129--137},
  year = {1938},
}

@article{lunn_bugs_2009,
  author = {Lunn, D. J. and Spiegelhalter, D. and Thomas, A. and Best, N.},
  title = {The BUGS project: Evolution, critique and future directions},
  journal = {Statistics in Medicine},
  volume = {28},
  number = {25},
  pages = {3049--3067},
  year = {2009},
}

@article{lunn_winbugs_2000,
  author = {Lunn, D. J. and Thomas, A. and Best, N. and Spiegelhalter, D.},
  title = {WinBUGS: A Bayesian Modelling Framework: Concepts, Structure, and Extensibility},
  journal = {Statistics and Computing},
  volume = {10},
  number = {4},
  year = {2000},
  pages = {325--337},
}

@Book{huet_statistical_2004,
  author = {Huet, S. and Bouvier, A. and Poursat, M-A. and Jolivet, E.},
  title = {Statistical Tools for Nonlinear Regression: A Practical Guide with S-PLUS and R Examples},
  publisher = {Springer},
  year = {2004},
  address = {New York},
  isbn = {0387400818},
}

@article{plessis_bayesian_1996,
  author = {Du Plessis, J. L. and Van Der Merwe, A. J.},
  title = {Bayesian Calibration in the Estimation of the Age of Rhinoceros},
  journal = {Ann. Inst. Statist. Math.},
  volume = {48},
  number = {1},
  pages = {17--28},
  year = {1996},
},

@article{rosenblatt_discussion_1981,
  author = {Rosenblatt, J. R. and Spiegelman, C. H.},
  title = {Discussion},
  journal = {Technometrics},
  volume = {23},
  number = {4},
  pages = {329--333},
  year = {1981},
},

@article{lawless_discussion_1981,
	title = {Discussion},
	volume = {23},
	number = {4},
	journal = {Technometrics},
	author = {Lawless, J. F.},
	year = {1981},
	pages = {334--335},
},

@article{lwin_discussion_1981,
	title = {Discussion},
	volume = {23},
	number = {4},
	journal = {Technometrics},
	author = {Lwin, J. F.},
	year = {1981},
	pages = {339--341},
},

@article{orban_discussion_1981,
	title = {Discussion},
	volume = {23},
	number = {4},
	journal = {Technometrics},
	author = {Orban, J. E.},
	year = {1981},
	pages = {342--343},
},

@article{easterling_discussion_1981,
	title = {Discussion},
	volume = {23},
	number = {4},
	journal = {Technometrics},
	author = {Easterling, R. G.},
	year = {1981},
	pages = {343--344},
},

@techreport{hunter_bayesian_1979,
  author = {Hunter, W. G. and Lamboy, W.},
  title = {Bayesian Analysis of Ratios},
  institution = {University of Wisconsin},
  number = {587},
  address = {Statistics Department},
  year = {1979},
},

@techreport{hunter_making_1979,
  author = {Hunter, W. G. and Lamboy, W.},
  title = {Making Inferences about Ratios: Some Examples},
  institution = {University of Wisconsin},
  number = {588},
  address = {Statistics Department},
  year = {1979},
},

@article{hunter_bayesian_1981,
	title = {A Bayesian Analysis of the Linear Calibration Problem},
	volume = {23},
	issn = {0040-1706, 1537-2723},
	number = {4},
	journal = {Technometrics},
	author = {Hunter, W. G. and Lamboy, W.},
	month = nov,
	year = {1981},
	pages = {323--328},
},

@article{morris_blups_2002,
  title = {The BLUPs are not "Best" when it comes to Bootstrapping},
	volume = {56},
	journal = {Statistics \& Probability Letters},
	author = {Morris, Jeffrey S.},
	year = {2002},
	pages = {425--430},
},

@article{hunter_response_1981,
	title = {Response},
	volume = {23},
	number = {4},
	journal = {Technometrics},
	author = {Hunter, W. G. and Lamboy, W.},
	year = {1981},
	pages = {344--350},
},

@article{dunsmore_bayesian_1967,
	series = {Methodological},
	title = {A Bayesian Approach to Calibration},
	volume = {30},
	number = {2},
	journal = {Journal of the Royal Statistical Society},
	author = {Dunsmore, L. R.},
	month = oct,
	year = {1967},
	pages = {396--405},
},

@article{hamada_bayesian_2003,
  author = {Hamada, M. and Pohl, A. and Spiegelman, C. and Wendelberger, J.},
  title = {A Bayesian Approach to Calibration Intervals and Properly Calibrated Tolerance Intervals},
  journal = {Journal of Quality Technology},
  volume = {35},
  number = {2},
  pages = {194--205},
  year = {2003},
},

@article{geisser_posterior_1967,
	series = {Methodological},
	title = {Posterior Distributions for Multivariate Normal Parameters},
	volume = {25},
	journal = {Journal of the Royal Statistical Society},
	author = {Geisser, S. and Cornfield, J.},
	year = {1963},
	pages = {368--376},
},

@Book{aitchison_statistical_1980,
 author = {Aitchison, J. and Dunsmore, L. R.},
 title = {Statistical Prediction Analysis},
 publisher = {Cambridge University Press},
 year = {1980},
 address = {Cambridge England New York},
},

@article{oman_exact_1985,
  author = {Oman, S. D.},
  journal = {Journal of Statistical Planning and Inference},
  number = {2},
  pages = {189--196},
  title = {An Exact Formula for the Mean Squared Error of the Inverse Estimator in the Linear Calibration Problem},
  volume = {11},
  year = {1985},
}

@article{oman_analyzing_1984,
  author = {Oman, S. D.},
  journal = {Technometrics},
  number = {4},
  pages = {347--353},
  title = {Analyzing Residuals in Calibration Problems},
  volume = {26},
  year = {1984},
}

@article{kalotay_structural_1971,
  author = {Kalotay, A. J.},
  title = {Structural Solution to the Linear Calibration Problem},
  journal = {Technometrics},
  volume = {13},
  number = {4},
  pages = {761--769},
  year = {1971},
},

@article{efron_bootstrap_1979,
  author = {Efron, B.},
  title = {Bootstrap Methods: Another look at the Jackknife},
  journal = {Annals of Statistics},
  volume = {7},
  number = {1},
  pages = {1--26},
  year = {1979},
}

@Book{efron_boot_1994,
  author = {Efron, B. and Tibshirani, R. J.},
  title = {An Introduction to the Bootstrap},
  publisher = {Chapman \& Hall}, 
  year = {1994}, 
  address = {New York},
}

@article{pham-gia_density_2006,
  author = {Pham-Gia, T. and Turkkan, N. and Marchand, E.},
  title = {Density of the Ratio of Two Normal Random Variables and Applications},
  journal = {Communications in Statistics - Theory and Methods},
  volume = {35},
  pages = {1569--1591},
  year = {2006},
}

@article{osbornse_statistical_1991,
  author = {Osborne, C.},
  title = {Statistical Calibration: A Review},
  journal = {International Statistical Review},
  volume = {59},
	number = {3},
  pages = {309--336},
  year = {1991},
}


@Book{miller_simultaneous_1981,
  author = {Miller, Rupert},
  title = {Simultaneous Statistical Inference},
  publisher = {Springer-Verlag},
  year = {1981},
  address = {New York},
}

@article{scheffe_statistical_1973,
  author = {Scheff\'{e}, H.},
  title = {A Statistical Theory of Calibration},
  journal = {The Annals of Statistics},
  volume = {1},
  pages = {1--37},
  year = {1973},
}

@Book{kendall_advanced_1994,
  author = {Stuart, Alan and Ord, Keith and Arnold, Steven},
  title = {Kendall's Advanced Theory of Statistics: Classical Inference and the Linear Model},
  publisher = {John Wiley \& Sons},
  year = {1994},
  address = {Chichester, West Sussex},
}

@article{hernandez_non-bayesian_2012,
	title = {A non-Bayesian predictive approach for statistical calibration},
	volume = {82},
	number = {4},
	journal = {Journal of Statistical Computation and Simulation},
	author = {Hernandez, Noslen and Biscay, Rolando J. and Talavera, Isneri},
	month = apr,
	year = {2012},
	pages = {529--545},
}

@article{dejong_bayesian_1996,
	title = {A Bayesian Approach to Calibration},
	volume = {14},
	issn = {0735-0015, 1537-2707},
	number = {1},
	journal = {Journal of Business \& Economic Statistics},
	author = {{DeJong}, David N. and Ingram, Beth Fisher and Whiteman, Charles H.},
	month = jan,
	year = {1996},
	pages = {1--9},
}

@article{knafl_confidence_1985,
	title = {Confidence Bands for Regression Functions},
	volume = {80},
	number = {391},
	journal = {Journal of the American Statistical Association},
	author = {Knafl, George and Sacks, Jerome and Ylvisaker, Donald},
	month = sep,
	year = {1985},
	pages = {683--691},
}

@article{cheng_robust_1997,
	title = {Robust Calibration},
	volume = {39},
	number = {4},
	journal = {Technometrics},
	author = {Cheng, Chi-Lun and Van Ness, John W.},
	month = nov,
	year = {1997},
	pages = {401--411},
}

@article{krutchkoff_editor_1972,
	title = {The Editor Technometrics},
	volume = {14},
	issn = {0040-1706, 1537-2723},
	number = {1},
	journal = {Technometrics},
	author = {Krutchkoff, Richard G.},
	month = feb,
	year = {1972},
	pages = {241--242},
}

@article{krutchkoff_editor_1970,
	title = {The Editor Technometrics},
	volume = {12},
	issn = {0040-1706, 1537-2723},
	number = {2},
	journal = {Technometrics},
	author = {Krutchkoff, Richard G.},
	month = may,
	year = {1970},
	pages = {433--437},
}

@article{fisch_simplified_1993,
	title = {A Simplified Approach to Calibration Confidence Sets},
	volume = {47},
	issn = {0003-1305, 1537-2731},
	number = {3},
	journal = {The American Statistician},
	author = {Fisch, Roland D. and Strehlau, Günther A.},
	month = aug,
	year = {1993},
	pages = {168--171},
}

@article{woldie_calibration_1995,
	title = {Calibration for inverse gaussian regression},
	volume = {24},
	number = {10},
	journal = {Communications in Statistics - Theory and Methods},
	author = {Woldie, Mammo and Folks, Leroy J.},
	year = {1995},
	pages = {2609--2620},
}

@article{krutchkoff_editor_1968,
	title = {The Editor Technometrics},
	volume = {10},
	issn = {0040-1706, 1537-2723},
	number = {2},
	journal = {Technometrics},
	author = {Krutchkoff, Richard G.},
	month = may,
	year = {1968},
	pages = {430--431},
}

@article{brown_optimization_1979,
	title = {An Optimization Criterion for Linear Inverse Estimation},
	volume = {21},
	issn = {0040-1706, 1537-2723},
	number = {4},
	journal = {Technometrics},
	author = {Brown, G. H.},
	month = nov,
	year = {1979},
	pages = {575--579},
}

@article{makowski_confidence_1980,
	title = {Confidence Interval Calibration of a Standard Curve},
	volume = {22},
	issn = {0040-1706, 1537-2723},
	number = {3},
	journal = {Technometrics},
	author = {Makowski, Gary G. and Downing, Darryl},
	month = aug,
	year = {1980},
	pages = {381--388},
}

@article{misquitta_results_2005,
	title = {Some Results on Nonparametric Calibration},
	volume = {34},
	number = {7},
	journal = {Communications in Statistics - Theory and Methods},
	author = {Misquitta, P. and Ruymgaart, Frits H.},
	year = {2005},
	pages = {1605--1616},
}

@article{martinelle_choice_1970,
	title = {On the Choice of Regression in Linear Calibration. Comments on a paper by R. G. Krutchkoff},
	volume = {12},
	issn = {0040-1706, 1537-2723},
	number = {1},
	journal = {Technometrics},
	author = {Martinelle, Sten},
	month = feb,
	year = {1970},
	pages = {157--161},
}

@article{lechner_implementation_1982,
	title = {An Implementation of the Scheff\'{e} Approach to Calibration Using Spline Functions, Illustrated by a Pressure-Volume Calibration},
	volume = {24},
	number = {3},
	journal = {Technometrics},
	author = {Lechner, James A. and Reeve, Charles P. and Spiegelman, Clifford H.},
	month = aug,
	year = {1982},
	pages = {229--234},
}

@article{bonate_approximate_1993,
	title = {Approximate Confidence Intervals in Calibration Using the Bootstrap},
	volume = {65},
	journal = {Analytical Chemistry},
	author = {Bonate, P. L.},
	year = {1993},
	pages = {1367--1372},
}

@article{gruet_nonparametric_1996,
	title = {A Nonparametric Calibration Analysis},
	volume = {24},
	number = {4},
	journal = {The Annals of Statistics},
	author = {Gruet, M-A.},
	year = {1996},
	pages = {1474--1492},
}

@article{kitsos_robust_1995,
	title = {Robust Linear Calibration},
	volume = {27},
	journal = {Statistics},
	author = {Kitsos, C. P. and M\"{u}ller, C. H.},
	year = {1995},
	pages = {93--107},
}

@article{efron-jackknife-1992,
  title = {Jackknife-After-Bootstrap Standard Errors and Influence Functions},
  volume = {54},
  number = {1},
  journal = {Journal of the Royal Statistical Society - Series B (Methodological)},
  author = {Efron, Bradley},
	year = {1992},
	pages = {83--127},
}

@article{ritz-bioassay-2005,
  title = {Bioassay Analysis using R},
  author = {C. Ritz and J. C. Streibig},
  journal = {Journal of Statistical Software},
  volume = {12},
  issue = {5},
  year = {2005},
  url = {http://www.bioassay.dk},
}

@book{venables-modern-2002,
  title = {Modern Applied Statistics with S},
  author = {Venables, W. N. and Ripley, B. D.},
  publisher = {Springer},
  edition = {Fourth},
  address = {New York},
  year = {2002},
  note = {ISBN 0-387-95457-0},
  url = {http://www.stats.ox.ac.uk/pub/MASS4},
}

@manual{ranke-chemCal-2013,
  title = {chemCal: Calibration functions for analytical chemistry},
  author = {Ranke, Johannes},
  year = {2013},
  note = {R package version 0.1-29},
  url = {http://CRAN.R-project.org/package=chemCal},
}

@article{salibian-bootstrapping-2006,
  title = {Bootstrapping MM-estimators for linear regression with fixed designs},
  journal = {Statistics \& Probability Letters},
  volume = {76},
  number = {12},
  pages = {1287--1297},
  year = {2006},
  author = {Matias Salibian-Barrera},
}

@phdthesis{osborne_nonparametric_1990,
  author = {Osborne, C.},
	title = {Non-parametric Calibration},
	school = {University of Bath},
	year = {1990},
}

@article{efron_bayesian_2012,
  title = {Bayesian Inference and the Parametric Bootstrap},
  journal = {Annals of Applied Statistics},
  volume = {6},
  number = {4},
  pages = {1971--1997},
  year = {2012},
  author = {Efron, Bradley},
}

%%------------------------------------------------------------------------------
%%
%% Proceedings
%%
%%------------------------------------------------------------------------------

@inproceedings{plummer_jags_2003,
  author = {Plummer, Martyn},
  booktitle = {Proceedings of the 3rd International Workshop on Distributed Statistical Computing},
  location = {Vienna, Austria},
  title = {{JAGS}: A program for analysis of {Bayesian} graphical models using {Gibbs} sampling},
  year = {2003},
}

%%------------------------------------------------------------------------------
%%
%% Other (e.g., PhD theses, manuals, etc.)
%%
%%------------------------------------------------------------------------------

@phdthesis {pinheiro_topics_1994,
  author = {Pinheiro, J. C.},
  title = {Topics in Mixed-Effects Models},
  year = {1994},
  school = {University of Wisconsin},
  address = {Madison, WI.},
}

@manual{sas_program,
  address = {Cary, NC},
  author = {{SAS Institute Inc.}},
  title = {{SAS/STAT} {S}oftware, {V}ersion 9.3},
  url = {http://www.sas.com/},
  year = {2011}
}

@manual{pinheiro_nlme_2013,
  title = {nlme: Linear and Nonlinear Mixed Effects Models},
  author = {Jose Pinheiro and Douglas Bates and Saikat DebRoy and Deepayan Sarkar and {R Core Team}},
  year = {2013},
  note = {R package version 3.1-110},
}

@manual{bates_lme4_2013,
  title = {lme4: Linear mixed-effects models using Eigen and S4},
  author = {Douglas Bates and Martin Maechler and Ben Bolker and Steven Walker},
  year = {2013},
  note = {R package version 1.0-5},
  url = {http://CRAN.R-project.org/package=lme4},
}

@manual{investr-package,
  title = {investr: Inverse Estimation with Linear and Nonlinear Regression Models in R},
  author = {Brandon M. Greenwell},
  year = {2013},
  note = {R package version 1.0},
  url = {https://github.com/w108bmg/investr},
}

@manual{ranke-chemCal-2013,
  title = {chemCal: Calibration functions for analytical chemistry},
  author = {Ranke, Johannes},
  year = {2013},
  note = {R package version 0.1-29},
  url = {http://CRAN.R-project.org/package=chemCal},
}